@article{angrishi2017turning,
 title={Turning Internet of Things (IoT) into Internet of Vulnerabilities (IoV): IoT Botnets},
 author={Angrishi, Kishore},
 journal={arXiv preprint arXiv:1702.03681},
 year={2017}
}

@article{sundmaeker2010vision,
 title={Vision and challenges for realising the Internet of Things},
 author={Sundmaeker, Harald and Guillemin, Patrick and Friess, Peter and Woelffl{\'e}, Sylvie},
 journal={Cluster of European Research Projects on the Internet of Things, European Commision},
 year={2010}
}

@inproceedings{hwang2015iot,
 title={Iot security \& privacy: threats and challenges},
 author={Hwang, Yong Ho},
 booktitle={Proceedings of the 1st ACM Workshop on IoT Privacy, Trust, and Security},
 pages={1--1},
 year={2015},
 organization={ACM}
}

@inproceedings{patton2014uninvited,
 title={Uninvited connections: a study of vulnerable devices on the Internet of Things (IoT)},
 author={Patton, Mark and Gross, Eric and Chinn, Ryan and Forbis, Samantha and Walker, Leon and Chen, Hsinchun},
 booktitle={Intelligence and Security Informatics Conference (JISIC), 2014 IEEE Joint},
 pages={232--235},
 year={2014},
 organization={IEEE}
}

@article{yang2017survey,
 title={A Survey on Security and Privacy Issues in Internet-of-Things},
 author={Yang, Yuchen and Wu, Longfei and Yin, Guisheng and Li, Lijie and Zhao, Hongbin},
 journal={IEEE Internet of Things Journal},
 year={2017},
 publisher={IEEE}
}

@article{dewricybersecurity,
 title={Cybersecurity \& Internet of Things},
 author={Dewri, Arko and Nguyen, Arvin and Chen, Frank and Lin, Matthew and Gupta, Shitij}
}

@article{hypponen2017internet,
 title={The Internet of (Vulnerable) Things: On Hypponen's Law, Security Engineering, and IoT Legislation},
 author={Hypponen, Mikko and Nyman, Linus},
 journal={Technology Innovation Management Review},
 pages={5},
 year={2017}
}

@article{shuler2017internet,
 title={Internet of Things Behavioral-Economic Security Design, Actors&Cyber War},
 author={Shuler, Robert L and Smith, Billy G},
 journal={Advances in Internet of Things},
 volume={7},
 number={02},
 pages={25},
 year={2017},
 publisher={Scientific Research Publishing}
}

@article{pawlick2017proactive,
 title={Proactive Population-Risk Based Defense Against Denial of Cyber-Physical Service Attacks},
 author={Pawlick, Jeffrey and Zhu, Quanyan},
 journal={arXiv preprint arXiv:1705.00682},
 year={2017}
}

@article{hallman2017ioddos,
 title={IoDDoSâ€”The Internet of Distributed Denial of Sevice Attacks},
 author={Hallman, Roger and Bryan, Josiah and Palavicini, Geancarlo and Divita, Joseph and Romero-Mariona, Jose},
 year={2017}
}

@inproceedings{andrea2015internet,
 title={Internet of Things: Security vulnerabilities and challenges},
 author={Andrea, Ioannis and Chrysostomou, Chrysostomos and Hadjichristofi, George},
 booktitle={Computers and Communication (ISCC), 2015 IEEE Symposium on},
 pages={180--187},
 year={2015},
 organization={IEEE}
}

@inproceedings{feily2009survey,
 title={A survey of botnet and botnet detection},
 author={Feily, Maryam and Shahrestani, Alireza and Ramadass, Sureswaran},
 booktitle={Emerging Security Information, Systems and Technologies, 2009. SECURWARE'09. Third International Conference on},
 pages={268--273},
 year={2009},
 organization={IEEE}
}

@inproceedings{durfina2013psybot,
 title={PsybOt malware: A step-by-step decompilation case study},
 author={Durfina, Lukas and Kroustek, Jakub and Zemek, Petr},
 booktitle={Reverse Engineering (WCRE), 2013 20th Working Conference on},
 pages={449--456},
 year={2013},
 organization={IEEE}
}

@inproceedings{davidson1977arpanet,
 title={The arpanet telnet protocol: Its purpose, principles, implementation, and impact on host operating system design},
 author={Davidson, J and Hathaway, W and Postel, J and Mimno, N and Thomas, R and Walden, D},
 booktitle={Proceedings of the fifth symposium on Data communications},
 pages={4--10},
 year={1977},
 organization={ACM}
}

@article{krenc2014internet,
 title={An internet census taken by an illegal botnet: a qualitative assessment of published measurements},
 author={Krenc, Thomas and Hohlfeld, Oliver and Feldmann, Anja},
 journal={ACM SIGCOMM Computer Communication Review},
 volume={44},
 number={3},
 pages={103--111},
 year={2014},
 publisher={ACM}
}

@online{aidra,
 author = {{NJCCIC} New Jersey Cybersecurity \& Communications Integration Cell},
 title = {{Aidra Botnet} Botnets},
 year = 2016,
 url = {https://www.cyber.nj.gov/threat-profiles/botnet-variants/aidra-botnet},
 urldate = {2017-04-08}
}

@online{carna,
 author = {Carna Botnet},
 title = {{Internet Census 2012} Port scanning /0 using insecure embedded devices},
 year = 2012,
 url = {http://census2012.sourceforge.net/paper.html},
 urldate = {2017-04-08}
}

@online{wifatch,
 author = {{Mario Ballano} Symantec employee},
 title = {{Symantec Official Blog}Is there an Internet-of-Things vigilante out there?},
 year = 2015,
 url = {https://www.symantec.com/connect/blogs/there-internet-things-vigilante-out-there},
 urldate = {2017-04-08}
}

@online{bashlite,
 author = {{NJCCIC} New Jersey Cybersecurity \& Communications Integration Cell},
 title = {{Bashlite} Botnets},
 year = 2016,
 url = {https://www.cyber.nj.gov/threat-profiles/botnet-variants/bashlite},
 urldate = {2017-04-08}
}

@online{remaiten,
 author = {{ESET} Virus Radar},
 title = {{Threat Encyclopaedia}Linux/Remaiten},
 year = 2016,
 url = {https://www.cyber.nj.gov/threat-profiles/botnet-variants/bashlite},
 urldate = {2017-04-08}
}

@article{kolias2017ddos,
 title={DDoS in the IoT: Mirai and Other Botnets},
 author={Kolias, Constantinos and Kambourakis, Georgios and Stavrou, Angelos and Voas, Jeffrey},
 journal={Computer},
 volume={50},
 number={7},
 pages={80--84},
 year={2017},
 publisher={IEEE}
}

@online{irctelnet,
 author = {{Malware Must Die!}},
 title = {MMD-0059-2016 -{Linux/IRCTelnet (new Aidra)}- A DDoS botnet aims IoT w/ IPv6 ready},
 year = 2016,
 url = {http://blog.malwaremustdie.org/2016/10/mmd-0059-2016-linuxirctelnet-new-ddos.html},
 urldate = {2017-04-08}
}

@inproceedings{celeda2010embedded,
 title={Embedded malware-an analysis of the chuck norris botnet},
 author={Celeda, Pavel and Krejci, Radek and Vykopal, Jan and Drasar, Martin},
 booktitle={Computer Network Defense (EC2ND), 2010 European Conference on},
 pages={3--10},
 year={2010},
 organization={IEEE}
}

@online{tsunami,
 author = {{Malware Must Die!}},
 title = {Another story of Unix Trojan: {Tsunami/Kaiten.c (IRC/Bot) w/ Flooder,} Backdoor at a hacked xBSD},
 year = 2013,
 url = {http://blog.malwaremustdie.org/2013/05/story-of-unix-trojan-tsunami-ircbot-w.html},
 urldate = {2017-11-08}
}

@online{darlloz,
 author = {{Symantec}},
 title = {{Linux.Darlloz}},
 year = 2013,
 url = {https://www.symantec.com/security_response/writeup.jsp?docid=2013-112710-1612-99},
 urldate = {2017-11-08}
}

@online{spike,
 author = {{SANS Institute} Muhammad Junaid Bohio},
 title = {SANS Institute InfoSec Reading Room {Analyzing a Backdoor/Bot for the MIPS Platform}},
 year = 2015,
 url = {https://www.sans.org/reading-room/whitepapers/malicious/analyzing-backdoor-bot-mips-platform-35902},
 urldate = {2017-11-08}
}

@online{bootstrap,
 author = {Otto, Mark and Fat},
 title = {Bootstrap},
 url = {http://getbootstrap.com/},
 urldate = {2017-30-08}
}

@online{suckerpunch,
 author = {Brandon Hilkert},
 title = {Sucker Punch},
 year = 2013,
 url = {https://github.com/brandonhilkert/sucker_punch},
 urldate = {2017-08-09}
}

@online{nettelnet,
 author = {Hiroshi Shibata},
 title = {Net::Telnet},
 year = 2015,
 url = {https://github.com/ruby/net-telnet},
 urldate = {2017-08-09}
}

@online{arpscan,
 author = {Michael Rodrigues},
 title = {ARPScan},
 year = 2014,
 url = {https://github.com/mikerodrigues/arp_scan},
 urldate = {2017-08-09}
}

@online{netping,
 author = {Daniel J. Berger and Chris Chernesky},
 title = {net-ping},
 year = 2010,
 url = {https://github.com/chernesk/net-ping},
 urldate = {2017-08-09}
}

@online{rubynmap,
 author = {Postmodern},
 title = {ruby-nmap},
 year = 2009,
 url = {https://github.com/sophsec/ruby-nmap},
 urldate = {2017-08-09}
}

@online{arp-scan,
 author = {Roy Hills},
 title = {arp-scan},
 url = {http://www.nta-monitor.com/wiki/index.php/Arp-scan_User_Guide},
 urldate = {2017-08-09}
}

@online{nmap,
 author = {Gordon Lyon},
 title = {nmap},
 year = 1997,
 url = {https://nmap.org},
 urldate = {2017-08-09}
}

@online{zmodo,
 author = {Zmodo},
 title = {Zmodo 720P HD H.264 Weatherproof Wireless IP Camera},
 url = {http://surveillance.zmodo.com/720p-wireless-bullet-ip-camera-w-65ft-ir-night-vision.html},
 urldate = {2017-10-09}
}

@online{canary,
 author = {Canary},
 title = {Canary},
 url = {https://canary.is/canary/},
 urldate = {2017-10-09}
}

@online{netatmo,
 author = {Netatmo},
 title = {Welcome},
 url = {https://www.netatmo.com/en-GB/product/security/welcome},
 urldate = {2017-10-09}
}

@online{samsung,
 author = {Samsung},
 title = {SmartCam HD Pro 1080p Full HD WiFi Camera},
 url = {http://www.samsung.com/us/smart-home/security/cameras/smartcam-hd-pro-1080p-full-hd-wifi-camera-snh-p6410bn/},
 urldate = {2017-10-09}
}

@online{withings,
 author = {Whithings},
 title = {Home},
 url = {https://health.nokia.com/uk/en/home},
 urldate = {2017-10-09}
}

@online{vivotek,
 author = {Vivotek},
 title = {FD8166A ultra-mini fixed dome network camera},
 url = {http://www.vivotek.com/fd8166a/},
 urldate = {2017-10-09}
}

@online{netgear,
 author = {Netgear},
 title = {Arlo},
 url = {http://www.arlo.com/uk/products/arlo/default.aspx},
 urldate = {2017-10-09}
}

@online{jisiwey,
 author = {Jisiwey},
 title = {Vacuum Robot with built-in camera, mobile phone control},
 url = {http://global.jisiwei.com/product/showproduct.php?lang=en&id=28},
 urldate = {2017-10-09}
}

@article{cao2017hey,
 title={Hey, you, keep away from my device: remotely implanting a virus expeller to defeat Mirai on IoT devices},
 author={Cao, Chen and Guan, Le and Liu, Peng and Gao, Neng and Lin, Jingqiang and Xiang, Ji},
 journal={arXiv preprint arXiv:1706.05779},
 year={2017}
}